@article{cubli-planar,
    author={Gajamohan, Mohanarajah and Merz, Michael and Thommen, Igor and D'Andrea, Raffaello},
    booktitle={2012 IEEE/RSJ International Conference on Intelligent Robots and Systems}, 
    title={{The Cubli: A cube that can jump up and balance}}, 
    year={2012},
    volume={},
    number={},
    pages={3722-3727},
    doi={10.1109/IROS.2012.6385896}
}

@manual{motor-datasheet,
    organization = {Micro Motors},
    title = {Gear-motors: Series L149},
    number = {L1491210},
    url = {https://media.distrelec.com/Web/Downloads/80/06/05448006.pdf},
    urldate = {2024-01-03}
}

@software{IMU-lib,
    author = {Adafruit},
    title = {{Adafruit BNO055 Library}},
    url = {https://adafruit.github.io/Adafruit_BNO055/html/index.html},
    urldate = {2024-01-03}
}

@manual{IMU-datasheet,
    organization = {Bosch Sensortec},
    title = {Intelligent 9-axis absolute orientation sensor},
    number = {BNO055},
    url = {https://cdn-shop.adafruit.com/datasheets/BST_BNO055_DS000_12.pdf},
    year = {2014},
    urldate = {2024-01-03}
}

@online{LEGO-video,
    author = {{Brick Experiment Channel}},
    title = {{Lego, Raspberry and Python Project - Reaction Wheel Inverted Pendulum}},
    url = {https://www.youtube.com/watch?v=WObG2LoSEwQ},
    year = {2022},
    urldate = {2024-01-03}
}

@online{remrc,
    author = {ReM-RC},
    url = {https://github.com/remrc?tab=repositories},
    urldate = {2024-01-03}
}

@misc{motorshield,
    author = {Adafruit},
    title = {{Adafruit Motor Shield V2 | Overview}},
    url = {https://learn.adafruit.com/adafruit-motor-shield-v2-for-arduino/overview},
    year = {2013},
    urldate = {2024-01-03}
}

@software{ms-lib,
    author = {Adafruit},
    title = {{Adafruit Motor Shield V2 Arduino Library}},
    url = {https://adafruit.github.io/Adafruit_Motor_Shield_V2_Library/html/annotated.html},
    urldate = {2024-01-03}
}

@misc{arduino,
    author = {Arduino},
    title = {{UNO R3 | Arduino Documentation}},
    url = {https://docs.arduino.cc/hardware/uno-rev3},
    urldate = {2024-01-03}
}